<record xmlns="http://www.loc.gov/MARC21/slim" xmlns:xsi="http://www.w3.org/2001/XMLSchema-instance" xsi:schemaLocation="http://www.loc.gov/MARC21/slim http://www.loc.gov/standards/marcxml/schema/MARC21slim.xsd">

  <leader>00429nam a2200133Ia 4500</leader>
  <datafield ind1=" " tag="999" ind2=" ">
    <subfield code="c">1229</subfield>
    <subfield code="d">1229</subfield>
  </datafield>
  <controlfield tag="008">170517b2000       ||||| |||| 00| | spa d</controlfield>
  <datafield ind1=" " tag="090" ind2=" ">
    <subfield code="a">01.03.01 </subfield>
    <subfield code="b">839</subfield>
  </datafield>
  <datafield tag="245" ind2="7" ind1="1">
    <subfield code="a">The 15 most important development organizations in Latin America</subfield>
  </datafield>
  <datafield tag="260" ind2=" " ind1=" ">
    <subfield code="a">[Lugar de publicación no identificado] : </subfield>
    <subfield code="b">s.n., </subfield>
    <subfield code="c">2000</subfield>
  </datafield>
  <datafield tag="300" ind2=" " ind1=" ">
    <subfield code="a">29 páginas</subfield>
  </datafield>
  <datafield ind1="1" tag="650" ind2="4">
    <subfield code="a">ORGANIZACIONES INTERNACIONALES </subfield>
    <subfield code="9">2788</subfield>
  </datafield>
  <datafield ind2="4" tag="650" ind1="1">
    <subfield code="a">DIRECTORIOS</subfield>
    <subfield code="9">2789</subfield>
  </datafield>
  <datafield tag="942" ind2=" " ind1=" ">
    <subfield code="2">z</subfield>
    <subfield code="c">01</subfield>
  </datafield>
</record>